<?xml version="1.0" encoding="UTF-8"?><collection xmlns="http://www.loc.gov/MARC21/slim"><record><leader>00660nam--2200193-u-4500</leader><controlfield tag="001">000055361</controlfield><controlfield tag="002">20161230</controlfield><controlfield tag="005">20161230201052</controlfield><controlfield tag="008">130122s1000------------r-----000-0-rum-d</controlfield><datafield ind1=" " ind2=" " tag="040"><subfield code="a">IFIN-HH</subfield></datafield><datafield ind1=" " ind2=" " tag="041"><subfield code="a">rum</subfield></datafield><datafield ind1=" " ind2=" " tag="080"><subfield code="a">001.2</subfield></datafield><datafield ind1="1" ind2=" " tag="100"><subfield code="a">Fleaca, Claudiu Teodor</subfield></datafield><datafield ind1="1" ind2="0" tag="245"><subfield code="a">Obtinerea si caracterizarea de nanotuburi de carbon orientate prin metode cdv (depunere chimica din stare de vapori) activate prin plasma si filamente incandescente</subfield><subfield code="b">Teza</subfield><subfield code="c">Claudiu teodor fleaca</subfield></datafield><datafield ind1=" " ind2=" " tag="260"><subfield code="a">Bucuresti</subfield><subfield code="b">Universitatea</subfield><subfield code="c">2011</subfield></datafield><datafield ind1=" " ind2=" " tag="300"><subfield code="a">362P</subfield></datafield><datafield ind1=" " ind2=" " tag="502"><subfield code="a">Conducator Stiintific: Dr. Ion N. Mihailescu</subfield></datafield><datafield ind1=" " ind2=" " tag="852"><subfield code="a">82334</subfield><subfield code="c">001.2</subfield></datafield><datafield ind1=" " ind2=" " tag="CAT"><subfield code="a">Sys</subfield><subfield code="c">20130122</subfield><subfield code="h">140108</subfield></datafield></record></collection>